@manual{Moses,
    author = {Koehn, Philipp},
    title = {Moses, Statistical Machine Translation System, User Manual and Code Guide},
    year = {2014},
    url = {http://www.statmt.org/moses/manual/manual.pdf},
    address = {University of Edinburgh},
}
@mastersthesis{Matthews,
    author = {Matthews, David},
    title = {Machine Transliteration of Proper Names},
    school = {University of Edinburgh},
    year = {2007},
    url = {http://homepages.inf.ed.ac.uk/miles/msc-projects/matthews.pdf},
}
@misc{KoehnSlides,
    author = {Koehn, Philipp},
    title = {Slides of the Statistical Machine Translation book},
    howpublished = {http://www.statmt.org/book/},
    year = {2010}
}
@inproceedings{Lafferty01,
    author = {Lafferty, John and McCallum, Andrew and Pereira, Fernando},
    title = {Conditional random fields: Probabilistic models for segmenting and labeling sequence data},
    booktitle = {Proceedings of the International Conference on Machine Learning},
    series = {ICML '01},
    year = {2001},
    url = {http://repository.upenn.edu/cgi/viewcontent.cgi?article=1162&context=cis_papers},
}
