@article{Singh2010,
    author = {Singh, Anil Kumar and Subramaniam, Sethuramalingam and Rama, Taraka},
    journal = {TAL},
    keywords = {dblp},
    number = 2,
    pages = {95-117},
    title = {Transliteration as Alignment vs. Transliteration as Generation for Crosslingual Information Retrieval},
    volume = 51,
    year = 2010,
    url = {http://www.atala.org/IMG/pdf/5-Sight-TAL51-2.pdf},
}
@article{Knight98,
    author = {Knight, Kevin and Graehl, Jonathan},
    title = {Machine Transliteration},
    journal = {Computational Linguistics},
    volume = {24},
    number = {4},
    year = {1998},
    pages = {599--612},
    url = {http://acl.ldc.upenn.edu/J/J98/J98-4003.pdf},
    publisher = {MIT Press},
}
@article{OhChoi06,
    author = {Oh, Jong-Hoon and Choi, Key-Sun and Isahara, Hitoshi},
    title = {A Comparison of Different Machine Transliteration Models},
    journal = {J. Artif. Int. Res.},
    volume = {27},
    number = {1},
    year = {2006},
    pages = {119--151},
    url = {http://www.jair.org/media/1999/live-1999-2886-jair.pdf},
    publisher = {AI Access Foundation},
}
